<record><leader>00000cas a22000007a 4500</leader><controlfield tag="001">13742864</controlfield><controlfield tag="008">860618d18501851mauwr ne      0    0eng  </controlfield><datafield ind1=" " ind2=" " tag="010"><subfield code="a">sn 86071608 </subfield></datafield><datafield ind1=" " ind2=" " tag="040"><subfield code="a">DLC</subfield><subfield code="b">eng</subfield><subfield code="c">DLC</subfield><subfield code="d">MGN</subfield><subfield code="d">OCLCQ</subfield></datafield><datafield ind1=" " ind2=" " tag="042"><subfield code="a">msc</subfield></datafield><datafield ind1="0" ind2="0" tag="050"><subfield code="a">Newspaper 8160-X</subfield></datafield><datafield ind1="0" ind2="0" tag="245"><subfield code="a">Essex County sentinel.</subfield></datafield><datafield ind1="1" ind2="3" tag="246"><subfield code="a">Sentinel</subfield></datafield><datafield ind1=" " ind2=" " tag="260"><subfield code="a">Lawrence, Mass. :</subfield><subfield code="b">Harrison Douglass</subfield></datafield><datafield ind1=" " ind2=" " tag="300"><subfield code="a">v. ;</subfield><subfield code="c">57 cm.</subfield></datafield><datafield ind1=" " ind2=" " tag="310"><subfield code="a">Weekly</subfield></datafield><datafield ind1="1" ind2=" " tag="362"><subfield code="a">Began in 1850.</subfield></datafield><datafield ind1="0" ind2=" " tag="362"><subfield code="a">-v. 3, no. 27 (Mar. 5, 1851) = -whole no. 131.</subfield></datafield><datafield ind1=" " ind2=" " tag="500"><subfield code="a">Published simultaneously at Salem, Mass.</subfield></datafield><datafield ind1=" " ind2=" " tag="588"><subfield code="a">Description based on: Vol. 3, no. 7 (Oct. 16, 1850) = whole no. 111.</subfield></datafield><datafield ind1=" " ind2=" " tag="752"><subfield code="a">United States</subfield><subfield code="b">Massachusetts</subfield><subfield code="c">Essex</subfield><subfield code="d">Lawrence.</subfield></datafield><datafield ind1=" " ind2=" " tag="752"><subfield code="a">United States</subfield><subfield code="b">Massachusetts</subfield><subfield code="c">Essex</subfield><subfield code="d">Salem.</subfield></datafield><datafield ind1="0" ind2="0" tag="780"><subfield code="t">Lawrence sentinel (Lawrence, Mass. : 1849)</subfield><subfield code="w">(DLC)sn 83020057</subfield></datafield><datafield ind1="0" ind2="0" tag="785"><subfield code="t">Lawrence sentinel (Lawrence, Mass. : 1851)</subfield><subfield code="w">(DLC)sn 92056714</subfield></datafield><datafield ind1="1" ind2=" " tag="029"><subfield code="a">AU@</subfield><subfield code="b">000025788243</subfield></datafield></record>